% 3.3 Laplacian: HOC FDM schemes
@phdthesis{spotz1996hoc,
	author = {William F. Spotz},
	title = {High-Order Compact Finite Difference Schemes for Computational Mechanics},
	school = {The University of Texas at Austin},
	year = {1996},
	address = {Austin, Texas}
}

% 2.1 Analytical solution to Schrodinger Equation for hydrogen
@book{griffiths2018introduction,
	title = {Introduction to Quantum Mechanics},
	author = {Griffiths, David J. and Schroeter, Darrell F.},
	edition = {3rd},
	year = {2018},
	publisher = {Cambridge University Press}
}


@book{learn_cuda,
	title = {Learn CUDA Programming},
	author = {Han, Jaegeun and Sharma, Bharaktumar},
	year = {2019},
	publisher = {Packt}
}

@book{cheng2014professional,
	title={Professional CUDA C programming},
	author={Cheng, John and Grossman, Max and McKercher, Ty},
	year={2014},
	publisher={John Wiley \& Sons}
}


@book{ideas_of_qc,
	author = {Piela, Lucjan}, 
	year = {2007},
	title = {Ideas of Quantum Chemistry},
	publisher = {Elsevier}
}

@book{kolos1978,
	title = {Chemia kwantowa},
	author = {Kołos, Włodzimierz},
	isbn = {8301072962},
	year = {1978},
	publisher = {Państwowe Wydawnictwo Naukowe}
}

@book{thijssen2007,
	title = {Computational Physics, Second Edition},
	author = {Thijssen, Jos},
	isbn = {978-0-521-83346-2},
	year = {2007},
	publisher = {Cambridge University Press}
}

@book{IzaacWang2018ComputationalQM,
	title = {Computational Quantum Mechanics},
	author = {Izaac, Joshua and Wang, Jingbo},
	isbn = {978-3-319-99929-6},
	year = {2018},
	publisher = {Springer Nature Switzerland}
}

% TODO czy te ksiazki aktualne? prawdopodobnie wikipedia FDM
@book{iserles2009first,
	title={A first course in the numerical analysis of differential equations},
	author={Iserles, Arieh},
	number={44},
	year={2009},
	publisher={Cambridge University Press}
}

@book{hoffman2018numerical,
	title={Numerical methods for engineers and scientists},
	author={Hoffman, Joe D and Frankel, Steven},
	year={2018},
	publisher={CRC press}
}

@book{morton2005numerical,
	title={Numerical solution of partial differential equations: an introduction},
	author={Morton, Keith W and Mayers, David Francis},
	year={2005},
	publisher={Cambridge University Press}
}

@book{grossmann2007numerical,
	title={Numerical treatment of partial differential equations},
	author={Grossmann, Christian and Roos, Hans-G{\"o}rg and Stynes, Martin},
	volume={154},
	year={2007},
	publisher={Springer}
}

@InProceedings{jin2017,
	title = 	 {How to Escape Saddle Points Efficiently},
	author =       {Jin, Chi and Ge, Rong and Netrapalli, Praneeth and Kakade, Sham M. and Jordan, Michael I.},
	booktitle = 	 {Proceedings of the 34th International Conference on Machine Learning},
	pages = 	 {1724--1732},
	year = 	 {2017},
	editor = 	 {Precup, Doina and Teh, Yee Whye},
	volume = 	 {70},
	series = 	 {Proceedings of Machine Learning Research},
	month = 	 {Aug}
}

@article{vandergraft1971,
	title={Generalized Rayleigh Methods with Applications to Finding Eigenvalues of Large Matrices},
	author={James S. Vandergraft},
	journal={Linear Algebra and Its Applications},
	volume={4},
	pages={353--368},
	year={1971}
}


@article{akhtar2018efficient,
	title={Efficient Memory Access Patterns for Solving 3D Laplace Equation on GPU},
	author={Akhtar, Muhammad Naveed and Durad, Muhammad Hanif and Usman, Anila and Mughal, Muhammad Abid},
	journal={Iranian Journal of Science and Technology, Transactions A: Science},
	volume={42},
	number={2},
	pages={623--633},
	year={2018}
}

@article{krotkiewski2013efficient,
	title={Efficient 3D stencil computations using CUDA},
	author={Krotkiewski, Marcin and Dabrowski, Marcin},
	journal={Parallel Computing},
	volume={39},
	number={10},
	pages={533--548},
	year={2013}
}

@article{oreilly2006family,
	title={A family of large-stencil discrete Laplacian approximations in three-dimensions},
	author={O’Reilly, Randall C and Beck, Jeffrey M},
	journal={Int. J. Numer. Methods Eng},
	pages={1--16},
	year={2006}
}


@article{knyazew2001,
	author = {Knyazev, Andrew V.},
	title = {Toward the Optimal Preconditioned Eigensolver: Locally Optimal Block Preconditioned Conjugate Gradient Method},
	journal = {SIAM Journal on Scientific Computing},
	volume = {23},
	number = {2},
	pages = {517-541},
	year = {2001}
}

@article{stathopoulous2002,
	author = {Stathopoulos, Andreas and Wu, Kesheng},
	title = {A Block Orthogonalization Procedure with Constant Synchronization Requirements},
	journal = {SIAM Journal on Scientific Computing},
	volume = {23},
	number = {6},
	pages = {2165-2182},
	year = {2002}
}


@article{hermann_deep-neural-network_2020,
	title = {Deep-neural-network solution of the electronic {Schrödinger} equation},
	author = {Hermann, Jan and Schätzle, Zeno and Noé, Frank},
	journal = {Nature Chemistry},
	volume = {12},
	number = {10},
	month = oct,
	year = {2020},
	pages = {891--897}
}

@misc{kingma_adam:_2017,
	title = {Adam: A Method for Stochastic Optimization},
	author = {Kingma, Diederik P. and Ba, Jimmy},
	url = {http://arxiv.org/abs/1412.6980},
	urldate = {2024-11-26}
}

@article{duersch_robust_2018,
	title = {A {Robust} and {Efficient} {Implementation} of {LOBPCG}},
	volume = {40},
	issn = {1064-8275, 1095-7197},
	url = {https://epubs.siam.org/doi/10.1137/17M1129830},
	doi = {10.1137/17M1129830},
	language = {en},
	number = {5},
	urldate = {2024-11-26},
	journal = {SIAM Journal on Scientific Computing},
	author = {Duersch, Jed A. and Shao, Meiyue and Yang, Chao and Gu, Ming},
	month = jan,
	year = {2018},
	pages = {C655--C676}
}

@article{sudiarta_solving_2007,
	title = {Solving the {Schrödinger} equation using the finite difference time domain method},
	volume = {40},
	issn = {1751-8113, 1751-8121},
	url = {https://iopscience.iop.org/article/10.1088/1751-8113/40/8/013},
	doi = {10.1088/1751-8113/40/8/013},
	number = {8},
	urldate = {2024-11-26},
	journal = {Journal of Physics A: Mathematical and Theoretical},
	author = {Sudiarta, I Wayan and Geldart, D J Wallace},
	month = feb,
	year = {2007},
	pages = {1885--1896},
}


@article{parlett_rayleigh_1974,
	title = {The {Rayleigh} {Quotient} {Iteration} and {Some} {Generalizations} for {Nonnormal} {Matrices}},
	volume = {28},
	number = {127},
	journal = {Mathematics of Computation},
	author = {Parlett, B. N.},
	month = jul,
	year = {1974},
	pages = { 679--693},
}



@online{cupy_lobpcg,
	author={The CuPy community},
	title={cupyx.scipy.sparse.linalg.lobpcg — CuPy 13.3.0 documentation},
	url={https://docs.cupy.dev/en/stable/reference/generated/cupyx.scipy.sparse.linalg.lobpcg.html},
	urldate   = {2024-12-01}
} 

@online{scipy_lobpcg,
	author={The SciPy community},
	title={lobpcg — SciPy v1.14.1 Manual},
	url={https://docs.scipy.org/doc/scipy/reference/generated/scipy.sparse.linalg.lobpcg.html},
	urldate   = {2024-12-01}
} 

@online{torch_lobpcg,
	author={PyTorch Contributors},
	title={Docs - Torch - torch.lobpcg},
	url={https://pytorch.org/docs/stable/generated/torch.lobpcg.html},
	urldate   = {2024-12-01}
}

@online{pgd,
	title = {How to Escape Saddle Points Efficiently},
	author = {Jin, Chi, and Ge, Rong and Netrapalli, Praneeth and Kakade, Sham M. and Jordan}, 	url={https://arxiv.org/abs/1703.00887v1},
	urldate   = {2024-12-02}
}

@online{cuda,
	title = {About CUDA},
	author = {NVIDIA Corporation},
	url={https://developer.nvidia.com/about-cuda},
	urldate   = {2024-12-02}
}

@online{harris2013,
	author={Harris, Mark},
	title={Finite Difference Methods in Cuda C/C++, Part 1},
	url={https://developer.nvidia.com/blog/finite-difference-methods-cuda-cc-part-1/},
	urldate   = {2024-11-25}
} 

@online{cupy_overview,
	author={The CuPy community},
	title={Overview — CuPy 13.3.0 documentation},
	url={https://docs.cupy.dev/en/stable/overview.html},
	urldate   = {2024-12-03}
} 

@online{cupy_raw_kernel,
	author={The CuPy community},
	title={User-Defined Kernels — CuPy 13.3.0 documentation},
	url={https://docs.cupy.dev/en/stable/user_guide/kernel.html#raw-kernels},
	urldate   = {2024-12-03}
} 

@online{cupy_lobpcg,
	author={The CuPy community},
	title={cupyx.scipy.sparse.linalg.lobpcg — CuPy 13.3.0 documentation},
	url={https://docs.cupy.dev/en/stable/reference/generated/cupyx.scipy.sparse.linalg.lobpcg.html},
	urldate   = {2024-12-04}
}

@online{cupy_texture,
	author={The CuPy community},
	title={cupy.cuda.texture.TextureObject — CuPy 13.3.0 documentation},
	url={https://docs.cupy.dev/en/stable/reference/generated/cupy.cuda.texture.TextureObject.html#cupy.cuda.texture.TextureObject},
	urldate   = {2024-12-04}
}

@online{cupy_surface,
	author={The CuPy community},
	title={cupy.cuda.texture.SurfaceObject — CuPy 13.3.0 documentation},
	url={https://docs.cupy.dev/en/stable/reference/generated/cupy.cuda.texture.SurfaceObject.html#cupy.cuda.texture.SurfaceObject},
	urldate   = {2024-12-04}
}

